@Manual{R-quarto,
    title = {quarto: R Interface to 'Quarto' Markdown Publishing System},
    author = {JJ Allaire},
    year = {2021},
    note = {R package version 1.0},
    url = {https://CRAN.R-project.org/package=quarto}
  },

@Misc{R-rmdja,
  title={rmdja: 日本語用 R Markdown テンプレート},
  author={片桐, 智志},
  year={2021},
  url = {https://github.com/Gedevan-Aleksizde/rmdja}
}